<?xml version="1.0" encoding="UTF-8"?><collection xmlns="http://www.loc.gov/MARC21/slim"><record><leader>00587nam--2200205-i-4500</leader><controlfield tag="001">000016922</controlfield><controlfield tag="002">20161230</controlfield><controlfield tag="005">20161230201032</controlfield><controlfield tag="008">060222s1000------------r-----000-0-rum-d</controlfield><datafield ind1=" " ind2=" " tag="040"><subfield code="a">IFIN-HH</subfield></datafield><datafield ind1=" " ind2=" " tag="041"><subfield code="a">rum</subfield></datafield><datafield ind1=" " ind2=" " tag="080"><subfield code="a">534.322.3:628.517</subfield></datafield><datafield ind1="1" ind2=" " tag="100"><subfield code="a">Darabont, Alexandru</subfield></datafield><datafield ind1="1" ind2="0" tag="245"><subfield code="a">Poluarea sonora si civilizatia contemporana</subfield><subfield code="c">Alexandru darabont, costin adrian</subfield></datafield><datafield ind1=" " ind2=" " tag="260"><subfield code="a">Bucuresti, Editura Tehnica, 1982</subfield></datafield><datafield ind1=" " ind2=" " tag="300"><subfield code="a">110 P</subfield></datafield><datafield ind1=" " ind2=" " tag="490"><subfield code="a">Stiinta si tehnica pentru toti. Seria Tehnica</subfield></datafield><datafield ind1="1" ind2=" " tag="700"><subfield code="a">Adrian, Costin</subfield></datafield><datafield ind1=" " ind2=" " tag="852"><subfield code="a">79194</subfield><subfield code="c">534</subfield></datafield><datafield ind1=" " ind2=" " tag="CAT"><subfield code="a">Sys</subfield><subfield code="c">20101013</subfield><subfield code="h">145617</subfield></datafield></record></collection>